% This file was created with JabRef 2.7.2.
% Encoding: UTF-8

@CONFERENCE{Adamczyk09,
  author = {Paul Adamczyk and Arturo Zambrano},
  title = {Refactoring Big Ball of Mud},
  booktitle = {31st International Conference on Software Engineering},
  year = {2009},
  month = {May},
  file = {:Read/bbm-icse.pdf:PDF},
  owner = {eloy},
  timestamp = {2010.06.20}
}

@CONFERENCE{Ayed04,
  author = {Dhouha Ayed and Chantal Taconet and Guy Bernard},
  title = {A Data Model for Context-aware Deployment of Component-based Applications
	onto Distributed Systems},
  booktitle = {Component oriented approaches to Context-aware Computing 2004 Workshop},
  year = {2004},
  month = {June},
  file = {:Read/ayed.pdf:PDF},
  owner = {eloy},
  timestamp = {2010.06.16},
  url = {http://www.scss.tcd.ie/conferences/COA-CAC-04/submissions/ayed.pdf}
}

@CONFERENCE{Barandiaran05,
  author = {Javier Barandiarán and Iñaki Moreno and Francisco Javier Ridruejo
	and Jairo Sánchez and Diego Borro and Luis Matey},
  title = {Estudios y aplicaciones de realidad aumentada en dispositivos móviles},
  booktitle = {XV Conferencia Española de Informática Gráfica (CEIG'05)},
  year = {2005},
  pages = {241-244},
  address = {Granada, Spain},
  month = {September},
  file = {:Read/CEIG05.pdf:PDF},
  owner = {eloy},
  timestamp = {2010.06.18},
  url = {http://personal.telefonica.terra.es/web/ijbm/jbm/paper/CEIG05.pdf}
}

@ARTICLE{Bartolomeo06,
  author = {G. Bartolomeo and N. Blefari Melazzi and G. Cortese and A. Friday
	and G. Prezerakos and S. Salsano and R. Walker},
  title = {SMS: Simplifying Mobile Services - for Users and Service Providers},
  journal = {Advanced Industrial Conference on Telecommunications},
  year = {2006},
  file = {:Read/C1.pdf:PDF},
  owner = {eloy},
  timestamp = {2011.08.08},
  url = {http://netgroup.uniroma2.it/Stefano_Salsano/papers/salsano-sms-definition.pdf}
}

@ARTICLE{Bauer02,
  author = {Martin Bauer and Christian Becker and Kurt Rothermel},
  title = {Location Models from the Perspective of Context-Aware Applications
	and Mobile Ad Hoc Networks},
  journal = {Personal and Ubiquitous Computing},
  year = {2002},
  volume = {6},
  month = {December},
  file = {:Read/6.pdf:PDF},
  owner = {eloy},
  timestamp = {2011.07.25},
  url = {http://citeseerx.ist.psu.edu/viewdoc/download?doi=10.1.1.21.7530&rep=rep1&type=pdf}
}

@INPROCEEDINGS{Bevan98,
  author = {Nigel Bevan},
  title = {Usability Issues in Web Site Design},
  booktitle = {Proceedings of UPA'98},
  year = {1998},
  month = {April},
  file = {:Read/10.1.1.31.3930.pdf:PDF},
  owner = {eloy},
  timestamp = {2010.09.26},
  url = {http://citeseerx.ist.psu.edu/viewdoc/download?doi=10.1.1.31.3930&rep=rep1&type=pdf}
}

@CONFERENCE{Birman87,
  author = {Kenneth P. Birman and Thomas A. Joseph},
  title = {Exploiting Virtual Synchrony in Distributed Systems},
  booktitle = {SOSP '87 Proceedings of the eleventh ACM Symposium on Operating systems
	principles},
  year = {1987},
  file = {:Read/p123-birman.pdf:PDF},
  owner = {eloy},
  timestamp = {2010.12.04},
  url = {www.cs.cornell.edu/home/rvr/sys/p123-birman.pdf}
}

@CONFERENCE{Bolchini07,
  author = {Cristiana Bolchini and Carlo A. Curino and Elisa Quintarelli and
	Favio A. Schreiber and Letizia Tanca},
  title = {A Data-oriented Survey of Context Models},
  booktitle = {SIGMOD Record},
  year = {2007},
  volume = {36},
  number = {4},
  pages = {19-26},
  month = {December},
  file = {:Read/p19.cesar-curino.pdf:PDF},
  owner = {eloy},
  timestamp = {2010.06.18},
  url = {http://www.sigmod.org/publications/sigmod-record/0712/p19.cesar-curino.pdf}
}

@CONFERENCE{Bower00,
  author = {Andy Bower and Blair McGlashan},
  title = {Twisting The Triad - The evolution of the Dolphin Smalltalk MVP application
	framework},
  booktitle = {ESUG 2000},
  year = {2000},
  month = {August},
  file = {:Read/TwistingTheTriad.PDF:PDF},
  owner = {eloy},
  timestamp = {2010.06.22},
  url = {http://www.object-arts.com/papers/TwistingTheTriad.PDF}
}

@ARTICLE{Braun04,
  author = {Elmar Braun and Gerhard Austaller and Jussi Kangasharju and Max Mühlhäuser},
  title = {Accessing web applications with multiple context-aware devices},
  journal = {ICWE Workshops},
  year = {2004},
  file = {:Read/diwe-color.pdf:PDF},
  owner = {eloy},
  timestamp = {2011.08.14},
  url = {http://www.cs.helsinki.fi/u/jakangas/Papers/diwe-color.pdf}
}

@UNPUBLISHED{Bretl98,
  author = {Bob Bretl and Allen Otis and Marc San Soucie and Bruce Schuchardt
	and R. Venkatesh},
  title = {Persistent Java Objects in 3 tier architectures},
  note = {GemStone Systems, Inc.},
  month = {August},
  year = {1998},
  file = {:Read/10.1.1.27.5529.pdf:PDF},
  owner = {eloy},
  timestamp = {2010.09.16},
  url = {http://citeseerx.ist.psu.edu/viewdoc/download?doi=10.1.1.27.5529&rep=rep1&type=pdf}
}

@UNPUBLISHED{Bykov95,
  author = {Vassili Bykov},
  title = {Introducing Announcements},
  month = {November},
  year = {2005},
  howpublished = {In http://www.cincomsmalltalk.com/ userblogs},
  language = {English},
  owner = {eloy},
  timestamp = {2010.09.21},
  url = {http://www.cincomsmalltalk.com/userblogs/vbykov/blogView?showComments=true&printTitle=Introducing_Announcements&entry=3310034894}
}

@UNPUBLISHED{Byrd02,
  author = {William E. Byrd},
  title = {Web Programming with Continuations},
  month = {November},
  year = {2002},
  file = {:Read/continuations.pdf:PDF},
  owner = {eloy},
  timestamp = {2010.09.23},
  url = {http://double.co.nz/pdf/continuations.pdf}
}

@PHDTHESIS{Cen97,
  author = {Shanwei Cen},
  title = {A Software Feedback Toolkit and its Application in Adaptive Multimedia
	Systems},
  school = {Tsinghua University, China},
  year = {1997},
  month = {October},
  file = {:Not Printed/10.1.1.15.2089.pdf:PDF},
  owner = {eloy},
  timestamp = {2011.11.01}
}

@ARTICLE{Ceri07,
  author = {Stefano Ceri and Florian Daniel and Maristella Matera and Federico
	M. Facca},
  title = {Model-driven Development of Context-Aware Web Applications},
  journal = {ACM Transactions on Internet Technology},
  year = {2007},
  volume = {7},
  pages = {1-32},
  file = {:Read/10.1.1.102.4926.pdf:PDF},
  owner = {eloy},
  timestamp = {2011.07.25},
  url = {http://citeseerx.ist.psu.edu/viewdoc/download?doi=10.1.1.102.4926&rep=rep1&type=pdf}
}

@MASTERSTHESIS{Challiol06,
  author = {Cecilia Challiol and Valeria Soledad De Cristófolo},
  title = {{Extensión del MVC para resolver problemas de Hipermedia Física}},
  school = {Universidad Nacional de La Plata, Argentina},
  year = {2006},
  file = {:Read/Extensión del MVC para resolver problemas de Hipermedia Física.pdf:PDF},
  owner = {eloy},
  timestamp = {2010.06.23}
}

@ARTICLE{Challiol08,
  author = {Cecilia Challiol and Andrés Fortier and Silvia Gordillo and Gustavo
	Rossi},
  title = {Architectural and implementation issues for a context-aware hypermedia
	platform},
  year = {2008},
  file = {:Read/Cecilia2008.pdf:PDF},
  owner = {eloy},
  timestamp = {2011.07.09},
  url = {http://www.lifia.info.unlp.edu.ar/papers/2008/Cecilia2008.pdf}
}

@ARTICLE{Challiol07,
  author = {Cecilia Challiol and Andrés Fortier and Silvia Gordillo and Gustavo
	Rossi},
  title = {A Flexible Architecture for Context-Aware Physical Hypermedia},
  journal = {Database and Expert Systems Applications},
  year = {2007},
  pages = {590-594},
  month = {September},
  file = {:Read/Challiol2007a.pdf:PDF},
  owner = {eloy},
  timestamp = {2011.06.27}
}

@ARTICLE{Challiol07a,
  author = {Cecilia Challiol and Agustin Muñoz and Gustavo Rossi and Silvia E.
	Gordillo and Andrés Fortier and Robert Laurini},
  title = {Browsing Semantics in Context-Aware Mobile Hypermedia},
  journal = {OTM'07 Proceedings},
  year = {2007},
  volume = {1},
  pages = {211-221},
  month = {November},
  file = {:Read/Cecilia2007.pdf:PDF},
  owner = {eloy},
  timestamp = {2011.07.01},
  url = {http://www.lifia.info.unlp.edu.ar/papers/2007/Cecilia2007.pdf}
}

@ARTICLE{Chang07,
  author = {Po-Hao Chang and Gul Agha},
  title = {{Towards Context-Aware Web Applications}},
  journal = {International Federation for Information Processing},
  year = {2007},
  pages = {239-252},
  file = {:Read/10.1.1.80.9100.pdf:PDF},
  owner = {eloy},
  timestamp = {2011.01.12}
}

@UNPUBLISHED{Chen,
  author = {Shu-Ching Chen and Sneh Gulati and Shahid Hamid and Xin Huang and
	Lin Luo and Nirva Morisseau-Leroy and Mark D. Powell and Chengjun
	Zhan and Chengcui Zhang},
  title = {A Three-Tier System Architecture Design and Development for Hurricane
	Occurrence Simulation},
  file = {:Printed/10.1.1.63.6790.pdf:PDF},
  owner = {eloy},
  timestamp = {2010.09.16},
  url = {http://citeseerx.ist.psu.edu/viewdoc/download?doi=10.1.1.63.6790&rep=rep1&type=pdf}
}

@ARTICLE{Costanza08,
  author = {Pascal Costanza},
  title = {{Context-oriented Programming in ContextL - State of the Art}},
  journal = {ACM 2008},
  year = {2008},
  file = {:Read/contextl-soa.pdf:PDF},
  owner = {eloy},
  timestamp = {2011.01.10},
  url = {http://p-cos.net/documents/contextl-soa.pdf}
}

@ARTICLE{Costanza09,
  author = {Pascal Costanza and Charlotte Herzeel and Theo D'Hondt},
  title = {Context-oriented Software Transactional Memory in Common Lisp},
  journal = {Proceeding DLS '09 Proceedings of the 5th symposium on Dynamic languages},
  year = {2009},
  volume = {44},
  number = {12},
  month = {December},
  file = {:Read/cstm.pdf:PDF},
  owner = {eloy},
  timestamp = {2011.08.01},
  url = {http://www.p-cos.net/documents/cstm.pdf}
}

@BOOK{Crane08,
  title = {Comet and Reverse Ajax: The Next Generation Ajax 2.0},
  publisher = {Apress Berkely, CA, USA},
  year = {2008},
  author = {Dave Crane and Phil McCarthy},
  pages = {100},
  isbn = {1590599985},
  owner = {eloy},
  timestamp = {2010.09.22}
}

@CONFERENCE{Cugula02,
  author = {Gianpaolo Cugula and Gian Pietro Picco},
  title = {Peer-to-Peer for Collaborative Applications},
  booktitle = {Proceedings of the 22nd International Conference on Distributed Computing
	Systems},
  year = {2002},
  pages = {359-364},
  month = {July},
  file = {:Read/icdcs02ws.pdf:PDF},
  isbn = {0-7695-1588-6},
  owner = {eloy},
  timestamp = {2010.06.17},
  url = {http://www.dit.unitn.it/~picco/papers/icdcs02ws.pdf}
}

@BOOK{Deck06,
  title = {Programando con Smalltalk},
  year = {2006},
  editor = {EDIT LIN S.L.},
  author = {Diego Gómez Deck},
  file = {:Read/ProgramandoConSmalltalk-BORRADORFINAL07-Febrero-2006.pdf:PDF},
  owner = {eloy},
  timestamp = {2010.09.22},
  url = {stephane.ducasse.free.fr/.../Programando/ProgramandoConSmalltalk-BORRADORFINAL07-Febrero-2006.pdf}
}

@CONFERENCE{Deck08,
  author = {Diego Gómez Deck and Manuel de la Calle Alonso and Vidal Toboso and
	Raquel Martinez},
  title = {Uso de Comet (Reverse AJAX) en los SIG. Prototipo de SIG colaborativo.},
  booktitle = {II Jornadas de SIG Libre},
  year = {2008},
  month = {March},
  file = {:Read/Ajax.pdf:PDF},
  owner = {eloy},
  timestamp = {2010.06.17},
  url = {http://dugi-doc.udg.edu/bitstream/10256/1155/1/Ajax.pdf}
}

@UNPUBLISHED{Decker,
  author = {Christian Decker and Michael Beigl and Albert Krohn and Philip Robinson
	and Tobias Zimmer and Jun Ma},
  title = {A Three-Tier Architecture for Location Presentation},
  note = {TecO, University of Karlsruhe, Germany},
  file = {:Printed/10.1.1.116.6256.pdf:PDF},
  owner = {eloy},
  timestamp = {2010.09.16},
  url = {http://citeseerx.ist.psu.edu/viewdoc/download?doi=10.1.1.116.6256&rep=rep1&type=pdf}
}

@ARTICLE{DeMarco85,
  author = {Tom DeMarco and Tim Lister},
  title = {Programmer performance and the effects of the workplace},
  journal = {IEEE},
  year = {1985},
  pages = {268-272},
  file = {:Read/3104-W07-R6.pdf:PDF},
  owner = {eloy},
  timestamp = {2011.02.07},
  url = {http://teaching.davearnold.ca/3104/stuff/3104-W07-R6.pdf}
}

@UNPUBLISHED{Dey06,
  author = {Anind K. Dey},
  title = {Usability in Context-Aware Applications},
  year = {2006},
  file = {:Read/WS06-12-002.pdf:PDF},
  owner = {eloy},
  timestamp = {2012.05.10},
  url = {http://www.aaai.org/Papers/Workshops/2006/WS-06-12/WS06-12-002.pdf}
}

@ARTICLE{Dey01,
  author = {Anind K. Dey},
  title = {{Understanding and Using Context}},
  journal = {Personal and Ubiquitous Computing},
  year = {2001},
  volume = {5},
  pages = {4-7},
  file = {:Read/PeTe5-1.pdf:PDF},
  owner = {eloy},
  timestamp = {2010.06.17},
  url = {http://www.cc.gatech.edu/fce/ctk/pubs/PeTe5-1.pdf}
}

@ARTICLE{Dourish04,
  author = {Paul Dourish},
  title = {What we talk about when we talk about context},
  journal = {Personal and Ubiquitous Computing},
  year = {2004},
  volume = {8},
  file = {:Read/10.1.1.75.8277.pdf:PDF},
  owner = {eloy},
  timestamp = {2011.09.05},
  url = {http://citeseerx.ist.psu.edu/viewdoc/download?doi=10.1.1.75.8277&rep=rep1&type=pdf}
}

@ARTICLE{Ducasse07,
  author = {Stéphane Ducasse and Adrian Lienhard and Lukas Renggli},
  title = {Seaside: A Flexible Environment for Building Dynamic Web Applications},
  journal = {IEEE Software},
  year = {2007},
  volume = {0740-7459/07},
  pages = {2-9},
  month = {September/October},
  file = {:Read/10.1.1.73.700.pdf:PDF},
  owner = {eloy},
  timestamp = {2010.06.16},
  url = {http://citeseerx.ist.psu.edu/viewdoc/download?doi=10.1.1.73.700&rep=rep1&type=pdf}
}

@INPROCEEDINGS{Ducasse04,
  author = {Stéphane Ducasse and Adrian Lienhard and Lukas Renggli},
  title = {Seaside - A Multiple Control Flow Web Application Framework},
  booktitle = {ESUG Conference Research Track},
  year = {2004},
  pages = {231-254},
  file = {:Read/Duca04eSeaside.pdf:PDF},
  owner = {eloy},
  timestamp = {2010.09.22},
  url = {http://scg.unibe.ch/archive/papers/Duca04eSeaside.pdf}
}

@TECHREPORT{Dybvig88,
  author = {R. Kent Dybvig and Robert Hieb},
  title = {Engines from Continuations},
  institution = {Indiana University Computer Science Department},
  year = {1988},
  number = {254},
  month = {July},
  file = {:Not Printed/10.1.1.64.6124.pdf:PDF},
  owner = {eloy},
  timestamp = {2011.05.11}
}

@MASTERSTHESIS{Efstratiou04,
  author = {Christos Efstratiou},
  title = {{Coordinated Adaption for Adaptive Context-Aware Applications}},
  school = {Lancaster University, United Kingdom},
  year = {2004},
  month = {May},
  file = {:Read/EfstratiouThesis.pdf:PDF},
  owner = {eloy},
  timestamp = {2011.01.10},
  url = {http://eprints.lancs.ac.uk/12455/1/EfstratiouThesis.pdf}
}

@TECHREPORT{Felleisen87,
  author = {Matthias Felleisen and Daniel P. Friedman and Bruce F. Duba and John
	Merrill},
  title = {Beyond Continuations},
  institution = {Indiana University Computer Science Department},
  year = {1987},
  number = {216},
  month = {February},
  file = {:Not Printed/felleisen-beyond.pdf:PDF},
  owner = {eloy},
  timestamp = {2011.05.11}
}

@TECHREPORT{Felleisen88,
  author = {Matthias Felleisen and Mitchell Wand and Daniel P. Friedman and Bruce
	F. Duba},
  title = {Abstract Continuations: A Mathematical Semantics For Handling Full
	Functional Jumps},
  institution = {Indiana University},
  year = {1988},
  number = {248},
  month = {May},
  file = {:Read/TR248.pdf:PDF},
  owner = {eloy},
  timestamp = {2011.04.15},
  url = {http://www.cs.indiana.edu/pub/techreports/TR248.pdf}
}

@CONFERENCE{Fernandez09,
  author = {Juan Lautaro Fernández and Santiago Robles and Andrés Fortier and
	Stéphane Ducasse and Gustavo Rossi and Silvia Gordillo},
  title = {Meteoroid - Towards a real MVC for the Web},
  booktitle = {IWST'09},
  year = {2009},
  month = {August},
  file = {:Read/Laut09a-IWST09-Meteroid.pdf:PDF},
  owner = {eloy},
  timestamp = {2010.06.18},
  url = {http://rmod.lille.inria.fr/archives/workshops/Laut09a-IWST09-Meteroid.pdf}
}

@PHDTHESIS{Fielding00,
  author = {Roy Thomas Fielding},
  title = {Architectural Styles and the Design of Network-based Software Architectures},
  school = {University of California, Irvine},
  year = {2000},
  file = {:Not Printed/fielding_dissertation.pdf:PDF},
  owner = {eloy},
  timestamp = {2012.02.23},
  url = {http://www.ics.uci.edu/~fielding/pubs/dissertation/fielding_dissertation.pdf}
}

@ARTICLE{Fortier07,
  author = {Andrés Fortier and Cecilia Challiol and Gustavo Rossi and Silvia
	Gordillo},
  title = {Physical Hypermedia: a Context-Aware approach},
  journal = {Springer Verlag LNCS},
  year = {2007},
  month = {June},
  file = {:Read/Fortier2007.pdf:PDF},
  owner = {eloy},
  timestamp = {2011.07.09},
  url = {http://www.lifia.info.unlp.edu.ar/papers/2007/Fortier2007.pdf}
}

@ARTICLE{Fortier09,
  author = {Andrés Fortier and Gustavo Rossi and Silvia E. Gordillo and Cecilia
	Challiol},
  title = {Dealing with variability in context-aware mobile software},
  journal = {The Journal of Systems and Software},
  year = {2009},
  volume = {83},
  pages = {915-936},
  month = {November},
  file = {:Read/23.pdf:PDF},
  owner = {eloy},
  timestamp = {2011.08.27},
  url = {http://se.ce.pusan.ac.kr/xe/?module=file&act=procFileDownload&file_srl=26172&sid=78ff8767630c94766db93f350a0f0dd9}
}

@BOOK{Gamma95,
  title = {Design Patterns: Elements of Reusable Object-Oriented Software},
  publisher = {Addison-Wesley Longman Publishing Co., Inc.},
  year = {1995},
  editor = {Addison-Wesley},
  author = {Erich Gamma and Richard Helm and Ralph Johnson and John Vlissides},
  pages = {384},
  address = {Boston, MA, USA},
  month = {October},
  file = {:Read/designpatterns.pdf:PDF},
  isbn = {0-201-63361-2},
  owner = {eloy},
  timestamp = {2010.06.24},
  url = {e-stud.vgtu.lt/users/files/dest/1542/designpatterns.pdf}
}

@UNPUBLISHED{Graham04,
  author = {Steve Graham and Peter Niblett and Dave Chappell and Amy Lewis and
	Nataraj Nagaratnam and Jay Parikh and Sanjay Patil and Shivajee Samdarshi
	and Igor Sedukhin and David Snelling and Steve Tuecke and William
	Vambenepe and Bill Weihl},
  title = {Publish-Subscribe Notification for Web services},
  year = {2004},
  file = {:Read/WS-PubSub.pdf:PDF},
  owner = {eloy},
  timestamp = {2010.12.04},
  url = {http://www.ibm.com/developerworks/library/ws-pubsub/WS-PubSub.pdf}
}

@UNPUBLISHED{Grant01,
  author = {Mike Grant},
  title = {Introduction to eXtreme Programming},
  month = {April},
  year = {2005},
  file = {:Read/xp.pdf:PDF},
  owner = {eloy},
  timestamp = {2010.09.15},
  url = {http://www.acm.jhu.edu/peer-teach/xp/xp.pdf}
}

@CONFERENCE{Hansen08,
  author = {Frank Allan Hansen and Karen Johanne Kortbek and Kaj Grønbæk},
  title = {Mobile Urban Drama - Setting the Stage with Location Based Technologies},
  booktitle = {ICIDS 2008},
  year = {2008},
  editor = {U. Spierling; N. Szilas},
  pages = {20-31},
  month = {September},
  publisher = {Springer-Verlag},
  file = {:Read/Urban Drama.pdf:PDF},
  owner = {eloy},
  timestamp = {2010.06.18}
}

@ARTICLE{Haynes87,
  author = {Christopher T. Haynes and Daniel P. Friedman},
  title = {Abstracting Timed Preemption With Engines},
  journal = {Computer Language},
  year = {1987},
  volume = {12},
  pages = {109-121},
  number = {2},
  file = {:Not Printed/TR178.pdf:PDF},
  owner = {eloy},
  timestamp = {2011.05.11}
}

@ARTICLE{Haynes86,
  author = {Christopher T. Haynes and Daniel P. Friedman and Mitchell Wand},
  title = {Obtaining Coroutines with Continuations},
  journal = {Computer Language},
  year = {1986},
  volume = {11},
  pages = {143-153},
  number = {3/4},
  file = {:Not Printed/haynes_obtaining_coroutines_with_continuations.pdf:PDF},
  owner = {eloy},
  timestamp = {2011.05.11}
}

@ARTICLE{Hieb94,
  author = {Robert Hieb and R. Kent Dybvig},
  title = {Subcontinuations},
  journal = {LISP AND SYMBOLIC COMPUTATION: An International Journal},
  year = {1994},
  volume = {7},
  pages = {83-110},
  file = {:Read/LaSC-7-1-pp83-110.pdf:PDF},
  owner = {eloy},
  timestamp = {2011.05.06},
  url = {http://cs.au.dk/~hosc/local/LaSC-7-1-pp83-110.pdf}
}

@ARTICLE{Hieb90a,
  author = {Robert Hieb and R. Kent Dybvig},
  title = {Continuations and Concurrency},
  journal = {ACM 1990},
  year = {1990},
  pages = {128-136},
  file = {:Read/hieb-dybvig.pdf:PDF},
  owner = {eloy},
  timestamp = {2011.04.27},
  url = {http://www.hurmio.org/~ville/hieb-dybvig.pdf}
}

@INPROCEEDINGS{Hieb90,
  author = {Robert Hieb and R. Kent Dybvig and Carl Bruggeman},
  title = {Representing Control in the Presence of First-Class Continuations},
  booktitle = {SIGPLAN '90},
  year = {1990},
  pages = {1 - 12},
  month = {June},
  publisher = {ACM},
  file = {:Read/10.1.1.71.9119.pdf:PDF},
  owner = {eloy},
  timestamp = {2011.04.19}
}

@ARTICLE{Highsmith02,
  author = {Jim Highsmith},
  title = {Extreme Programming},
  journal = {Agile Project Management Advisory Service},
  year = {2002},
  pages = {1-17},
  file = {:Printed/xp-highsmith.pdf:PDF},
  owner = {eloy},
  timestamp = {2010.09.15},
  url = {http://rockfish-cs.cs.unc.edu/COMP290-agile/xp-highsmith.pdf}
}

@BOOK{Hunt97,
  title = {Smalltalk and Object Orientation: An Introduction},
  publisher = {Springer},
  year = {1997},
  author = {John Hunt},
  month = {July},
  file = {:Not Printed/Smalltalk-and-OO.pdf:PDF},
  isbn = {3540761152},
  owner = {eloy},
  timestamp = {2010.09.22}
}

@UNPUBLISHED{Hakkila05,
  author = {Jonna Häkkilä},
  title = {Towards usable context-aware mobile handheld applications},
  year = {2005},
  file = {:Read/p169-174.pdf:PDF},
  owner = {eloy},
  timestamp = {2011.01.17}
}

@UNPUBLISHED{Hakkila09,
  author = {Jonna Häkkilä and Jani Mäntyjärvi and Panu Åkerman and Albrecht Schmidt
	and Alireza Sahami Anind K. Dey},
  title = {Context-Aware Mobile Media and Social Networks},
  file = {:Read/ws118-haekkilae.pdf:PDF},
  owner = {eloy},
  timestamp = {2011.01.17}
}

@BOOK{IEEECS07,
  title = {Wireless LAN Medium Access Control (MAC) and Physical Layer (PHY)
	Specifications},
  publisher = {IEEE Computer Society},
  year = {2007},
  editor = {IEEE Computer Society},
  author = {{IEEE Computer Society}},
  file = {:Not Printed/802.11-2007.pdf:PDF},
  owner = {eloy},
  timestamp = {2010.10.03},
  url = {http://standards.ieee.org/getieee802/download/802.11-2007.pdf}
}

@CONFERENCE{Jaeger05,
  author = {Michael A Jaeger},
  title = {Self-Organizing Publish/Subscribe - Extended Abstract},
  booktitle = {2nd International Doctoral Symposium on Middleware},
  year = {2005},
  file = {:Read/10.1.1.103.9199.pdf:PDF},
  owner = {eloy},
  timestamp = {2010.12.05},
  url = {http://citeseerx.ist.psu.edu/viewdoc/download?doi=10.1.1.103.9199&rep=rep1&type=pdf}
}

@CONFERENCE{Joselli09,
  author = {Mark Joselli and Marcelo Zamith and Esteban Clua and Anselmo Montenegro
	and Regina Leal-Toledo and Aura Conci and Paulo Pagliosa and Luis
	Valente and Bruno Feijó},
  title = {An adaptative game loop architecture with automatic distribution
	of tasks between CPU and GPU},
  booktitle = {Computers in Entertainment (CIE)},
  year = {2009},
  volume = {7},
  number = {4},
  month = {December},
  publisher = {ACM},
  file = {:Read/AdaptativeGameLoopArchitecture.pdf:PDF},
  issn = {1544-3574},
  owner = {eloy},
  timestamp = {2010.06.20}
}

@ARTICLE{Kapitsaki09,
  author = {Georgia M. Kapitsaki and Dimitrios A. Kateros and George N. Prezerakos
	and Iakovos S. Venieris},
  title = {Model-driven development of composite context-aware web applcations},
  journal = {Information and Software Technology},
  year = {2009},
  volume = {51},
  pages = {1244-1260},
  month = {March},
  file = {:Read/Model-driven_development_of_composite_context-aware_web_applications.pdf:PDF},
  owner = {eloy},
  timestamp = {2011.01.12},
  url = {http://s2e.teipir.gr/papers/Model-driven_development_of_composite_context-aware_web_applications.pdf}
}

@CONFERENCE{Kay72,
  author = {Alan C. Kay},
  title = {A Personal Computer for Children of All Ages},
  booktitle = {ACM National Conference},
  year = {1972},
  file = {:Read/Kay72a.pdf:PDF},
  owner = {eloy},
  timestamp = {2010.06.22},
  url = {http://www.mprove.de/diplom/gui/Kay72a.pdf}
}

@ARTICLE{Kokar99,
  author = {Mieczyslaw M. Kokar and Kenneth Badawski and Yonet A. Eracar},
  title = {Control Theory-Based Foundations of Self-Controlling Software},
  journal = {Intelligent Systems and their Applications, IEEE},
  year = {1999},
  volume = {14},
  pages = {37-45},
  number = {3},
  month = {June},
  file = {:Not Printed/expert.pdf:PDF},
  owner = {eloy},
  timestamp = {2011.11.01}
}

@ARTICLE{Krasner88,
  author = {Glenn E. Krasner and Stephen T. Pope},
  title = {A Cookbook for Using the Model-View-Controller User Interface Paradigm
	in Smalltalk-80},
  journal = {JOOP},
  year = {1988},
  month = {August},
  file = {:Not Printed/KrasnerPope88.pdf:PDF},
  owner = {eloy},
  timestamp = {2011.03.25}
}

@CONFERENCE{Ladd95,
  author = {David A. Ladd and J. Christopher Ramming},
  title = {Programming the Web: An Application-Oriented Language for Hypermedia
	Service Programming},
  booktitle = {4th International World Wide Web Conference - WWW4},
  year = {1995},
  pages = {567-586},
  month = {December},
  organization = {World Wide Web Consortium},
  owner = {eloy},
  timestamp = {2011.05.14},
  url = {http://www.w3.org/Conferences/WWW4/Papers/251/}
}

@BOOK{Liu00,
  title = {Smalltalk, Objects, and Design},
  publisher = {toExcel},
  year = {2000},
  author = {Chamond Liu},
  owner = {eloy},
  timestamp = {2010.09.22}
}

@CONFERENCE{Liu08,
  author = {Yong Liu and Luigi Marini and Rob Kooper and Alejandro Rodriguez
	and David Hill and James Myers and Barbara Minsker},
  title = {Virtual Sensors in a Web 2.0 Virtual Watershed},
  booktitle = {Proceedings of the 2008 Fourth IEEE International Conference on eScience},
  year = {2008},
  pages = {386-387},
  month = {December},
  file = {:Read/VirtualSensorsWatershed-eScience2008-final.pdf:PDF},
  isbn = {978-0-7695-3535-7},
  owner = {eloy},
  timestamp = {2010.06.17},
  url = {http://cet.ncsa.uiuc.edu/publications/VirtualSensorsWatershed-eScience2008-final.pdf}
}

@CONFERENCE{Liu07,
  author = {Yong Liu and Jim Myers and Barbara Minsker and Joseph Futrelle},
  title = {Leveraging Web 2.0 technologies in a Cyberenvironment for Observatory-centric
	Environmental Research},
  booktitle = {OGF-19 Semantic Web 2.0 and Grid Workshop},
  year = {2007},
  month = {January},
  file = {:Read/Liu.pdf:PDF},
  owner = {eloy},
  timestamp = {2010.06.17},
  url = {http://www.semanticgrid.org/OGF/ogf19/Liu.pdf}
}

@CONFERENCE{Lofeudo09,
  author = {Nahuel Lofeudo and Andrés Fortier and Gustavo Rossi and Silvia Gordillo},
  title = {Kindergarten: A Novel Communication Mechanism for Mobile Context-aware
	Applications},
  booktitle = {Context-Aware Mobile and Ubiquitous Computing for Enhanced Usability:
	Adaptive Technologies and Applications},
  year = {2009},
  pages = {258-277},
  file = {:Read/Nahuel2008.pdf:PDF},
  owner = {eloy},
  timestamp = {2010.06.17},
  url = {http://www.lifia.info.unlp.edu.ar/papers/2008/Nahuel2008.pdf}
}

@CONFERENCE{Luchini08,
  author = {Pedro Luchini and Bruno Freijó and Mauro Aurélio Pacheco},
  title = {Procedural Animation with Genetic Algorithms and Physics Simulation},
  booktitle = {Vll SBGames'08 Computing Track},
  year = {2008},
  month = {November},
  file = {:Read/Procedural Animation with GA and Physics Simulation.pdf:PDF},
  owner = {eloy},
  timestamp = {2010.06.22}
}

@INCOLLECTION{Meng01,
  author = {Alex Meng},
  title = {On Evaluating Self-Adaptive Software},
  booktitle = {Self-Adaptive Software},
  publisher = {Springer Berlin / Heidelberg},
  year = {2001},
  editor = {Robertson, Paul and Shrobe, Howie and Laddaga, Robert},
  volume = {1936},
  series = {Lecture Notes in Computer Science},
  pages = {65-74},
  affiliation = {The MITRE Corp. 1820 Dolley Madison Blvd. 22102 McLean, VA},
  isbn = {978-3-540-41655-5},
  keyword = {Computer Science},
  owner = {eloy},
  timestamp = {2011.11.01}
}

@CONFERENCE{Nanard08,
  author = {Jocelyne Nanard and Gustavo Rossi and Marc Nanard and Silvia Gordillo
	and Leandro Perez},
  title = {Concern-Sensitive Navigation: Improving Navigation in Web Software
	through Separation of Concerns},
  booktitle = {CAiSE'08},
  year = {2008},
  month = {June},
  file = {:Read/Nanard2008.pdf:PDF},
  owner = {eloy},
  timestamp = {2010.06.17},
  url = {http://www.lifia.info.unlp.edu.ar/papers/2008/Nanard2008.pdf}
}

@ARTICLE{Plotkin75,
  author = {G. D. Plotkin},
  title = {Call-by-name, Call-by-value and The \lambda-calculus},
  journal = {Theoretical Computer Science},
  year = {1975},
  volume = {1},
  pages = {125-159},
  file = {:Not Printed/cbn_cbv_lambda.pdf:PDF},
  owner = {eloy},
  timestamp = {2011.05.11}
}

@UNPUBLISHED{Pretorius04,
  author = {A. Johannes Pretorius},
  title = {Ontologies - Introduction and Overview},
  year = {2004},
  file = {:Printed/Ontologies_Intr_Overv.pdf:PDF},
  owner = {eloy},
  timestamp = {2010.10.03},
  url = {http://www.starlab.vub.ac.be/teaching/Ontologies_Intr_Overv.pdf}
}

@ARTICLE{Perez09,
  author = {Emiliano Pérez and Andrés Fortier and Gustavo Rossi and Silvia Gordillo},
  title = {Rethinking Context Models},
  journal = {Confederated International Workshops and Posters on On the Move to
	Meaningful Internet Systems},
  year = {2009},
  pages = {78-87},
  file = {:Read/Perez_et_al.2009-Rethinking_Context_Models.pdf:PDF},
  owner = {eloy},
  timestamp = {2011.08.15}
}

@ARTICLE{Queinnec04,
  author = {Christian Queinnec},
  title = {Continuations and Web Servers},
  journal = {Higher-Order and Symbolic Computation},
  year = {2004},
  volume = {17},
  pages = {277-295},
  file = {:Read/fulltext.pdf:PDF},
  owner = {eloy},
  timestamp = {2011.06.14},
  url = {http://www.springerlink.com/content/t8302g1586g35642/fulltext.pdf}
}

@UNPUBLISHED{Queinnec01,
  author = {Christian Queinnec},
  title = {Inverting back the inversion of control or, Continuations versus
	page-centric programming},
  month = {May},
  year = {2001},
  file = {:Read/10.1.1.75.2753.pdf:PDF},
  owner = {eloy},
  timestamp = {2010.09.23},
  url = {http://citeseerx.ist.psu.edu/viewdoc/download?doi=10.1.1.75.2753&rep=rep1&type=pdf}
}

@ARTICLE{Rational00,
  author = {Rational},
  title = {Rational Unified Process: Best Practices for Software Development
	Teams},
  year = {2000},
  file = {:Printed/1251_bestpractices_TP026B.pdf:PDF},
  owner = {eloy},
  timestamp = {2010.09.15},
  url = {http://www.ibm.com/developerworks/rational/library/content/03July/1000/1251/1251_bestpractices_TP026B.pdf}
}

@TECHREPORT{Rees88,
  author = {Jonathan Rees and William Clinger, H. Abelson and N. I. {Adams IV}
	and D. H. Bartley and G. Brooks and R. K. Dybvig and D. P. Friedman
	and R. Halstead and C. Hanson and C. T. Haynes and E. Kohlbecker
	and D. Oxley K. M. Pitman and G. J. Rozas and G. J. Sussman and M.
	Wand},
  title = {{Revised(3) Report on the Algorithmic Language Scheme}},
  year = {1988},
  editor = {Jonathan Rees and William Clinger},
  file = {:Read/r3rs.ps:PostScript},
  howpublished = {Web Page},
  owner = {eloy},
  timestamp = {2011.02.12},
  url = {http://groups.csail.mit.edu/mac/ftpdir/scheme-reports/r3rs-html/r3rs_toc.html}
}

@UNPUBLISHED{Renggli07,
  author = {Lukas Renggli},
  title = {Magritte Tutorial},
  month = {February},
  year = {2007},
  file = {:Read/exercises.pdf:PDF},
  owner = {eloy},
  timestamp = {2010.09.22},
  url = {www.lukas-renggli.ch/smalltalk/magritte/exercises.pdf}
}

@MASTERSTHESIS{Renggli06,
  author = {Lukas Renggli},
  title = {Magritte - Meta-Described Web Application Development},
  school = {Universität Bern, Switzerland},
  year = {2006},
  month = {June},
  file = {:Read/Reng06a.pdf:PostScript},
  owner = {eloy},
  timestamp = {2010.06.23},
  url = {http://scg.unibe.ch/archive/masters/Reng06a.pdf}
}

@ARTICLE{Reynolds93,
  author = {John C. Reynolds},
  title = {{The Discoveries of Continuations}},
  journal = {LISP and Symbolic Computation: An international Journal},
  year = {1993},
  volume = {6},
  pages = {233-247},
  file = {:Read/10.1.1.135.4705.pdf:PDF},
  owner = {eloy},
  timestamp = {2010.09.23},
  url = {http://citeseerx.ist.psu.edu/viewdoc/download?doi=10.1.1.135.4705&rep=rep1&type=pdf}
}

@ARTICLE{Schilit94,
  author = {Bill Schilit and Marvin Theimer},
  title = {{Disseminating Active Map Information to Mobile Hosts}},
  journal = {IEEE Network},
  year = {1994},
  volume = {0890-8044/94},
  pages = {22-32},
  month = {September/October},
  file = {:Read/00313011.pdf:PDF},
  owner = {eloy},
  timestamp = {2010.06.16},
  url = {http://impact.asu.edu/~cse591uc/papers/00313011.pdf}
}

@CONFERENCE{Schilit94a,
  author = {Bill N. Schilit and Norman Adams and Roy Want},
  title = {Context-Aware Computing Applications},
  booktitle = {IEEE Workshop on Mobile Computing Systems and Applications (WMCSA'94)},
  year = {1994},
  pages = {89-101},
  address = {Santa Cruz, CA, US},
  file = {:Read/parctab-wmc-dec94.pdf:PDF},
  owner = {eloy},
  timestamp = {2010.06.18},
  url = {http://nano.xerox.com/want/papers/parctab-wmc-dec94.pdf}
}

@CONFERENCE{Schmalstieg05,
  author = {Dieter Schmalstieg and Gerhard Reitmayr},
  title = {The World as a User Interface: Augmented Reality for Ubiquitous Computing},
  booktitle = {Proceedings of the Central European Multimedia and Virtual Reality
	Conference 2005},
  year = {2005},
  month = {June},
  publisher = {CEMVRC 2005},
  file = {:Read/semanticar-cemvrc-3.pdf:PDF},
  owner = {eloy},
  timestamp = {2010.06.17},
  url = {http://www.icg.tu-graz.ac.at/Members/schmalstieg/Publications/semanticar-cemvrc-3.pdf}
}

@CONFERENCE{Schmidt99,
  author = {Albrecht Schmidt and Kofi Asante Aidoo and Antti Takaluoma and Urpo
	Tuomela and Kristof Van Laerhoven and Walter Van de Velde},
  title = {Advanced Interaction in Context},
  booktitle = {Proceedings of the 1st international symposium on Handheld and Ubiquitous
	Computing},
  year = {1999},
  volume = {1707},
  pages = {89-101},
  file = {:Read/10.1.1.40.2408.pdf:PDF},
  isbn = {3-540-66550-1},
  owner = {eloy},
  timestamp = {2010.06.17},
  url = {http://citeseerx.ist.psu.edu/viewdoc/download?doi=10.1.1.40.2408&rep=rep1&type=pdf}
}

@ARTICLE{Shubin97,
  author = {Hal Shubin and Margaret M. Meehan},
  title = {Navigation in Web Applications},
  journal = {Interactions Magazine},
  year = {1997},
  number = {IV},
  month = {November},
  part = {6},
  file = {:Read/webapps.pdf:PDF},
  owner = {eloy},
  timestamp = {2011.08.08},
  url = {http://www.user.com/webapps/webapps.pdf}
}

@UNPUBLISHED{Smith,
  author = {Barry Smith},
  title = {Ontology and Information Systems},
  file = {:Printed/ontology(PIC).pdf:PDF},
  owner = {eloy},
  timestamp = {2010.10.03},
  url = {http://ontology.buffalo.edu/ontology(PIC).pdf}
}

@ARTICLE{Sussman98,
  author = {Gerald Jay Sussman and Guy L. Steele Jr.},
  title = {Scheme: A Interpreter for Extended Lambda Calculus},
  journal = {Higer-Order and Symbolic Computation},
  year = {1998},
  volume = {11},
  pages = {405-439},
  file = {:Not Printed/10.1.1.128.80.pdf:PDF},
  owner = {eloy},
  timestamp = {2011.05.11}
}

@BOOK{Sutherland07,
  title = {The Scrum Papers: Nuts, Bolts, and Origins of an Agile Process},
  year = {2007},
  editor = {Jeff Sutherland},
  author = {Jeff Sutherland and Ken Shwaber},
  month = {October},
  owner = {eloy},
  timestamp = {2010.09.14},
  url = {http://scrumtraininginstitute.com/home/stream_download/scrumpapers}
}

@ARTICLE{Svahnberg05,
  author = {Mikael Svahnberg and Jilles Van Gurp and Jan Bosch},
  title = {A taxonomy of variability realization techniques},
  journal = {Software: Practice and Experience},
  year = {2005},
  volume = {35},
  pages = {705–754},
  file = {:Not Printed/Variability_taxonomy.pdf:PDF;:Not Printed/10.1.1.94.5883.pdf:PDF},
  owner = {eloy},
  timestamp = {2011.10.12},
  url = {http://citeseerx.ist.psu.edu/viewdoc/download?doi=10.1.1.94.5883&rep=rep1&type=pdf}
}

@BOOK{Tomek02,
  title = {Introduction to Smalltalk},
  year = {2002},
  author = {Ivan Tomek},
  owner = {eloy},
  timestamp = {2010.09.22}
}

@UNPUBLISHED{Valli07,
  author = {Alessandro Valli},
  title = {Natural Interaction White Paper},
  note = {Supported by Natural Interaction, iO (http://naturalinteraction.org)},
  month = {September},
  year = {2007},
  file = {:Read/whitepaper.pdf:PDF},
  owner = {eloy},
  timestamp = {2010.06.25},
  url = {http://naturalinteraction.org/images/whitepaper.pdf}
}

@CONFERENCE{Valloud06,
  author = {Andrés Valloud},
  title = {Writing Truly Efficient Smalltalk},
  booktitle = {OOPSLA'06},
  year = {2006},
  month = {October},
  file = {:Read/p688.pdf:PDF},
  owner = {eloy},
  timestamp = {2010.07.09},
  url = {http://www-vs.informatik.uni-ulm.de/de/intra/bib/2006/OOPSLA-GPCE/oopsla/p688.pdf}
}

@UNPUBLISHED{Venezia,
  author = {Claudio Venezia and Carlo Alberto Licciardi},
  title = {Improve ubiquitous Web applications with Context Awareness},
  comment = {On web after July 2007},
  file = {:Read/Session5B-3.pdf:PDF},
  owner = {eloy},
  timestamp = {2010.06.17},
  url = {http://www.icin.biz/files/programmes/Session5B-3.pdf}
}

@TECHREPORT{Wang09a,
  author = {Helen J. Wang and Chris Grier and Alexander Moshchuk and Samuel T.
	King and Piali Choudhury and Herman Venter},
  title = {The Multi-Principal OS Construction of the Gazelle Web Browser},
  institution = {Microsoft Research, University of Illinois at Urbana-Champaign, University
	of Washington},
  year = {2009},
  type = {TechReport},
  number = {MSR-TR-2009-16},
  month = {February},
  file = {:Read/gazelle.pdf:PDF},
  owner = {eloy},
  timestamp = {2010.07.29},
  url = {http://research.microsoft.com/pubs/79655/gazelle.pdf}
}

@CONFERENCE{Wang09,
  author = {Helen J. Wang and Alexander Moshchuk and Alan Bush},
  title = {Convergence of Desktop and Web Applications on a Multi-Service OS},
  booktitle = {4th Usenix Workshop on Hot Topics in Security},
  year = {2009},
  month = {August},
  file = {:Read/wang.pdf:PDF},
  owner = {eloy},
  timestamp = {2010.07.14},
  url = {http://www.usenix.org/event/hotsec09/tech/full_papers/wang.pdf}
}

@ARTICLE{vanWijngaarden66,
  author = {Adriaan van Wijngaarden},
  title = {Recursive definition of syntax and semantics},
  journal = {Formal Language Description Languages for Computer Programming},
  year = {1966},
  pages = {13-24},
  file = {:Not Printed/9205A.pdf:PDF},
  owner = {eloy},
  timestamp = {2011.01.14},
  url = {http://oai.cwi.nl/oai/asset/9205/9205A.pdf}
}

@CONFERENCE{Witt05,
  author = {Hendrik Witt},
  title = {A Toolkit for Context-aware User Interface Development for Wearable
	Computers},
  booktitle = {Doctoral Colloquium at the 9th International Symposium on Wearable
	Computers (ISWC)},
  year = {2005},
  address = {Osaka, Japan},
  month = {October},
  file = {:Read/witt05-iswc05.pdf:PDF},
  owner = {eloy},
  timestamp = {2010.06.17},
  url = {http://www.tzi.de/~hwitt/data/witt05-iswc05.pdf}
}

@CONFERENCE{Young05,
  author = {R. Michael Young and Mark O. Riedl and Mark Branly and Arnav Jhala
	and R. J. Martin and C. J. Saretto},
  title = {An architecture for integrating plan-based behavior generation with
	interactive game environments},
  booktitle = {2005 ACM SIGCHI International Conference on Advances in computer
	entertainment technology},
  year = {2005},
  volume = {265},
  file = {:Read/10.1.1.95.1546.pdf:PDF},
  isbn = {1-59593-110-4},
  owner = {eloy},
  timestamp = {2010.06.22},
  url = {http://citeseerx.ist.psu.edu/viewdoc/download?doi=10.1.1.95.1546&rep=rep1&type=pdf}
}

@OTHER{jQuery,
  owner = {eloy},
  timestamp = {2010.11.24},
  url = {http://jquery.com/}
}

@ELECTRONIC{Phonegap,
  title = {{PhoneGap} site},
  url = {http://www.phonegap.com/},
  owner = {eloy},
  timestamp = {2010.10.11}
}

@OTHER{Prototype,
  owner = {eloy},
  timestamp = {2010.11.24},
  url = {http://www.prototypejs.org/}
}

@MANUAL{Cincom02,
  title = {VisualWorks: GUI Developer's Guide},
  organization = {Cincom Systems, Inc.},
  address = {55 Merchant Street, Cincinnati, Ohio 45246},
  year = {2002},
  note = {P46-0136-01},
  file = {:Read/GUIDevGuide.pdf:PDF},
  owner = {eloy},
  timestamp = {2010.09.22},
  url = {www.cincom.com/downloads/pdf/GUIDevGuide.pdf}
}

@MANUAL{Cincom01,
  title = {VisualWorks: Walk Through},
  organization = {Cincom Systems, Inc.},
  address = {55 Merchant Street, Cincinnati, Ohio 45246},
  year = {2001},
  note = {P46-0132-03},
  file = {:Read/WalkThrough.pdf:PDF},
  owner = {eloy},
  timestamp = {2010.09.22},
  url = {www.cincomsmalltalk.com/documentation/current/WalkThrough.pdf}
}

