% This file was created with JabRef 2.3.1.
% Encoding: UTF-8

@BOOK{BERE,
  title = {Estadística para la Administración},
  author = {Berenson, Levine},
  owner = {eloy},
  timestamp = {2008.05.14}
}

@BOOK{BARDOSSY,
  title = {Introduction to Geostatistics},
  editor = {Institute of Hydraulic Engineerin, University of Stuttgart},
  author = {András Bárdossy},
  owner = {eloy},
  timestamp = {2009.03.25}
}

@ARTICLE{HOLTWINTERS01,
  author = {Amanda Walters; Qian Cai},
  title = {Investigating the Use of Holt-Winters Time Series Model for Forecasting
	Population at the State and Sub-State Levels},
  year = {2008},
  month = {Febrero},
  note = {Demographics and Workforce Section,
	
	Weldon Cooper Center for Public Service,
	
	University of Virginia},
  owner = {eloy},
  timestamp = {2008.12.26},
  url = {www.coopercenter.org/demographics/sitefiles/documents/pdfs/techpapers/populationforecasting-2008.pdf}
}

@BOOK{CAPE,
  title = {Elementos de Estadística},
  author = {Carlos Capelletti},
  owner = {eloy},
  timestamp = {2008.05.14}
}

@UNPUBLISHED{NACHO04,
  author = {Ignacio Cascos Fernández},
  title = {Estadística Descriptiva},
  year = {2004},
  citeseerurl = {www.unavarra.es/estadistica/I.T.T.Imagen/descriptiva.pdf},
  comment = {ignacio.cascos@uc3m.es},
  owner = {eloy},
  timestamp = {2008.05.14},
  url = {www.unavarra.es/estadistica/I.T.T.Imagen/descriptiva.pdf}
}

@BOOK{SANSERIES,
  title = {Introducción a la Estadística Empresarial},
  year = {2004},
  editor = {eumed.net},
  author = {Jesús Sánchez Fernández},
  note = {ISBN: 84-688-9882-1},
  owner = {eloy},
  timestamp = {2008.12.21},
  url = {http://www.eumed.net/cursecon/libreria/2004/jsf/jsf.htm}
}

@TECHREPORT{FRAN04,
  author = {Francisco Jesús Moral García},
  title = {Aplicación de la Geoestadística en las ciencias ambientales},
  institution = {Universidad de Extremadura},
  year = {2004},
  month = {Enero - Abril},
  owner = {eloy},
  timestamp = {2008.05.14}
}

@ARTICLE{LAGRANGEMULTIPLIER,
  author = {Nguyen Dinh Hoa},
  title = {The Lagrange Multiplier Function in the Equation Approach to Constrained
	Optimization},
  journal = {Universitatis Iagellonicae Acta Matemática},
  year = {1984},
  volume = {XXIV},
  pages = {99-117},
  owner = {eloy},
  timestamp = {2009.09.09}
}

@ARTICLE{HOLTWINTERS,
  author = {Prajakta S. Kalekar},
  title = {Time series Forecasting using Holt-Winters Exponential Smoothing},
  year = {2004},
  month = {Diciembre},
  note = {Kanwal Rekhi School of Information Technology},
  owner = {eloy},
  timestamp = {2008.12.26},
  url = {www.it.iitb.ac.in/~praj/acads/seminar/04329008_ExponentialSmoothing.pdf}
}

@BOOK{WILLY,
  title = {Estadística para administradores},
  author = {William Mendenhall},
  owner = {eloy},
  timestamp = {2008.05.14}
}

@TECHREPORT{SEASONALX11,
  author = {Julius Shiskin; Allan H. Young; John C. Musgrave},
  title = {The X-11 variant of the census method II
	
	Seasonal Adjustement Program},
  institution = {Boreau of the Census
	
	Economic Research and Analysis Division},
  year = {1967},
  month = {Febrero},
  owner = {eloy},
  timestamp = {2009.01.03},
  url = {www.census.gov/ts/papers/ShiskinYoungMusgrave1967.pdf}
}

@UNPUBLISHED{LECHUGA,
  author = {Luis Lechuga Pérez},
  title = {Métodos Estadísticos en la Ingeniería},
  note = {Departamento de Matemática Aplicada, Universidad de Málaga},
  year = {2003},
  comment = {llechuga@uma.es},
  owner = {eloy},
  timestamp = {2008.08.29}
}

@MISC{WIKIDISTPROBABLE,
  author = {Wikipedia},
  title = {Distribución de probabilidad},
  citeseerurl = {http://www.wikipedia.org},
  owner = {eloy},
  timestamp = {2008.06.08},
  url = {http://es.wikipedia.org/wiki/Probabilidad}
}

@MISC{WIKIESTIMA,
  author = {Wikipedia},
  title = {Esimación Estadística},
  citeseerurl = {http://www.wikipedia.org},
  owner = {eloy},
  timestamp = {2008.06.08},
  url = {http://es.wikipedia.org/wiki/Estimaci%C3%B3n}
}

@MISC{WIKIPROBABILIDAD,
  author = {Wikipedia},
  title = {Probabilidad},
  citeseerurl = {http://www.wikipedia.org},
  owner = {eloy},
  timestamp = {2008.06.08},
  url = {http://es.wikipedia.org/wiki/Probabilidad}
}

